%% This BibTeX bibliography file was created using BibDesk.
%---------------------------------------------------------------------------------

@ARTICLE{2014PASP..126..948V,
   author = {{Vanderburg}, A. and {Johnson}, J.~A.},
    title = "{A Technique for Extracting Highly Precise Photometry for the Two-Wheeled Kepler Mission}",
  journal = {\pasp},
archivePrefix = "arXiv",
   eprint = {1408.3853},
 primaryClass = "astro-ph.IM",
 keywords = {Data Analysis and Techniques},
     year = 2014,
    month = nov,
   volume = 126,
    pages = {948-958},
      doi = {10.1086/678764},
   adsurl = {http://adsabs.harvard.edu/abs/2014PASP..126..948V},
  adsnote = {Provided by the SAO/NASA Astrophysics Data System}
}


@ARTICLE{2014ApJ...786...97H,
   author = {{Herczeg}, G.~J. and {Hillenbrand}, L.~A.},
    title = "{An Optical Spectroscopic Study of T Tauri Stars. I. Photospheric Properties}",
  journal = {\apj},
archivePrefix = "arXiv",
   eprint = {1403.1675},
 primaryClass = "astro-ph.SR",
 keywords = {stars: low-mass, stars: pre-main sequence},
     year = 2014,
    month = may,
   volume = 786,
      eid = {97},
    pages = {97},
      doi = {10.1088/0004-637X/786/2/97},
   adsurl = {http://adsabs.harvard.edu/abs/2014ApJ...786...97H},
  adsnote = {Provided by the SAO/NASA Astrophysics Data System}
}


@ARTICLE{2014ApJ...794..125C,
   author = {{Cottaar}, M. and {Covey}, K.~R. and {Meyer}, M.~R. and {Nidever}, D.~L. and
  {Stassun}, K.~G. and {Foster}, J.~B. and {Tan}, J.~C. and {Chojnowski}, S.~D. and
  {da Rio}, N. and {Flaherty}, K.~M. and {Frinchaboy}, P.~M. and
  {Skrutskie}, M. and {Majewski}, S.~R. and {Wilson}, J.~C. and
  {Zasowski}, G.},
    title = "{IN-SYNC I: Homogeneous Stellar Parameters from High-resolution APOGEE Spectra for Thousands of Pre-main Sequence Stars}",
  journal = {\apj},
archivePrefix = "arXiv",
   eprint = {1408.7113},
 primaryClass = "astro-ph.SR",
 keywords = {open clusters and associations: individual: IC 348 Pleiades, stars: pre-main sequence, techniques: radial velocities, techniques: spectroscopic},
     year = 2014,
    month = oct,
   volume = 794,
      eid = {125},
    pages = {125},
      doi = {10.1088/0004-637X/794/2/125},
   adsurl = {http://adsabs.harvard.edu/abs/2014ApJ...794..125C},
  adsnote = {Provided by the SAO/NASA Astrophysics Data System}
}

@ARTICLE{2010ARA&A..48..581S,
   author = {{Soderblom}, D.~R.},
    title = "{The Ages of Stars}",
  journal = {\araa},
archivePrefix = "arXiv",
   eprint = {1003.6074},
 primaryClass = "astro-ph.SR",
     year = 2010,
    month = sep,
   volume = 48,
    pages = {581-629},
      doi = {10.1146/annurev-astro-081309-130806},
   adsurl = {http://adsabs.harvard.edu/abs/2010ARA%26A..48..581S},
  adsnote = {Provided by the SAO/NASA Astrophysics Data System}
}

@ARTICLE{2008A&A...479..827G,
   author = {{Grankin}, K.~N. and {Bouvier}, J. and {Herbst}, W. and {Melnikov}, S.~Y.
  },
    title = "{Results of the ROTOR-program. II. The long-term photometric variability of weak-line T Tauri stars}",
  journal = {\aap},
archivePrefix = "arXiv",
   eprint = {0801.3543},
 keywords = {stars: rotation, stars: fundamental parameters, stars: starspots, stars: variables: general, stars: pre-main sequence},
     year = 2008,
    month = mar,
   volume = 479,
    pages = {827-843},
      doi = {10.1051/0004-6361:20078476},
   adsurl = {http://adsabs.harvard.edu/abs/2008A%26A...479..827G},
  adsnote = {Provided by the SAO/NASA Astrophysics Data System}
}


@ARTICLE{2009ApJ...702L..27B,
   author = {{Baraffe}, I. and {Chabrier}, G. and {Gallardo}, J.},
    title = "{Episodic Accretion at Early Stages of Evolution of Low-Mass Stars and Brown Dwarfs: A Solution for the Observed Luminosity Spread in H-R Diagrams?}",
  journal = {\apjl},
archivePrefix = "arXiv",
   eprint = {0907.3886},
 primaryClass = "astro-ph.SR",
 keywords = {accretion, accretion disks, stars: formation, stars: low-mass, brown dwarfs},
     year = 2009,
    month = sep,
   volume = 702,
    pages = {L27-L31},
      doi = {10.1088/0004-637X/702/1/L27},
   adsurl = {http://adsabs.harvard.edu/abs/2009ApJ...702L..27B},
  adsnote = {Provided by the SAO/NASA Astrophysics Data System}
}


@ARTICLE{2011A&A...534A..83R,
   author = {{Reggiani}, M. and {Robberto}, M. and {Da Rio}, N. and {Meyer}, M.~R. and
  {Soderblom}, D.~R. and {Ricci}, L.},
    title = "{Quantitative evidence of an intrinsic luminosity spread in the Orion nebula cluster}",
  journal = {\aap},
archivePrefix = "arXiv",
   eprint = {1108.1015},
 keywords = {stars: formation, stars: low-mass, stars: pre-main sequence, methods: statistical, techniques: photometric, open clusters and associations: individual: Orion nebula cluster},
     year = 2011,
    month = oct,
   volume = 534,
      eid = {A83},
    pages = {A83},
      doi = {10.1051/0004-6361/201116946},
   adsurl = {http://adsabs.harvard.edu/abs/2011A%26A...534A..83R},
  adsnote = {Provided by the SAO/NASA Astrophysics Data System}
}


@ARTICLE{2015arXiv150706460F,
   author = {{Feiden}, G.~A.},
    title = "{Stellar Evolution Models of Young Stars: Progress and Limitations}",
  journal = {ArXiv e-prints},
archivePrefix = "arXiv",
   eprint = {1507.06460},
 primaryClass = "astro-ph.SR",
 keywords = {Astrophysics - Solar and Stellar Astrophysics},
     year = 2015,
    month = jul,
   adsurl = {http://adsabs.harvard.edu/abs/2015arXiv150706460F},
  adsnote = {Provided by the SAO/NASA Astrophysics Data System}
}

@ARTICLE{2015ApJ...807..174S,
   author = {{Somers}, G. and {Pinsonneault}, M.~H.},
    title = "{Older and Colder: The Impact of Starspots on Pre-main-sequence Stellar Evolution}",
  journal = {\apj},
archivePrefix = "arXiv",
   eprint = {1506.01393},
 primaryClass = "astro-ph.SR",
 keywords = {stars: activity, stars: evolution, stars: pre-main sequence, starspots},
     year = 2015,
    month = jul,
   volume = 807,
      eid = {174},
    pages = {174},
      doi = {10.1088/0004-637X/807/2/174},
   adsurl = {http://adsabs.harvard.edu/abs/2015ApJ...807..174S},
  adsnote = {Provided by the SAO/NASA Astrophysics Data System}
}


@ARTICLE{2011ARA&A..49...67W,
   author = {{Williams}, J.~P. and {Cieza}, L.~A.},
    title = "{Protoplanetary Disks and Their Evolution}",
  journal = {\araa},
archivePrefix = "arXiv",
   eprint = {1103.0556},
 primaryClass = "astro-ph.GA",
     year = 2011,
    month = sep,
   volume = 49,
    pages = {67-117},
      doi = {10.1146/annurev-astro-081710-102548},
   adsurl = {http://adsabs.harvard.edu/abs/2011ARA%26A..49...67W},
  adsnote = {Provided by the SAO/NASA Astrophysics Data System}
}

@INPROCEEDINGS{2014SPIE.9147E..1DP,
   author = {{Park}, C. and {Jaffe}, D.~T. and {Yuk}, I.-S. and {Chun}, M.-Y. and
  {Pak}, S. and {Kim}, K.-M. and {Pavel}, M. and {Lee}, H. and
  {Oh}, H. and {Jeong}, U. and {Sim}, C.~K. and {Lee}, H.-I. and
  {Nguyen Le}, H.~A. and {Strubhar}, J. and {Gully-Santiago}, M. and
  {Oh}, J.~S. and {Cha}, S.-M. and {Moon}, B. and {Park}, K. and
  {Brooks}, C. and {Ko}, K. and {Han}, J.-Y. and {Nah}, J. and
  {Hill}, P.~C. and {Lee}, S. and {Barnes}, S. and {Yu}, Y.~S. and
  {Kaplan}, K. and {Mace}, G. and {Kim}, H. and {Lee}, J.-J. and
  {Hwang}, N. and {Park}, B.-G.},
    title = "{Design and early performance of IGRINS (Immersion Grating Infrared Spectrometer)}",
booktitle = {Society of Photo-Optical Instrumentation Engineers (SPIE) Conference Series},
     year = 2014,
   series = {Society of Photo-Optical Instrumentation Engineers (SPIE) Conference Series},
   volume = 9147,
    month = jul,
      eid = {91471D},
    pages = {1},
      doi = {10.1117/12.2056431},
   adsurl = {http://adsabs.harvard.edu/abs/2014SPIE.9147E..1DP},
  adsnote = {Provided by the SAO/NASA Astrophysics Data System}
}


@INPROCEEDINGS{2012SPIE.8450E..2SG,
   author = {{Gully-Santiago}, M. and {Wang}, W. and {Deen}, C. and {Jaffe}, D.
  },
    title = "{Near-infrared metrology of high-performance silicon immersion gratings}",
booktitle = {Society of Photo-Optical Instrumentation Engineers (SPIE) Conference Series},
     year = 2012,
   series = {Society of Photo-Optical Instrumentation Engineers (SPIE) Conference Series},
   volume = 8450,
    month = sep,
      eid = {84502S},
    pages = {2},
      doi = {10.1117/12.926434},
   adsurl = {http://adsabs.harvard.edu/abs/2012SPIE.8450E..2SG},
  adsnote = {Provided by the SAO/NASA Astrophysics Data System}
}


@ARTICLE{1987AJ.....93..907H,
   author = {{Hartmann}, L.~W. and {Soderblom}, D.~R. and {Stauffer}, J.~R.
  },
    title = "{Rotation and kinematics of the premain-sequence stars in Taurus-Auriga with CA II emission}",
  journal = {\aj},
 keywords = {Calcium, Pre-Main Sequence Stars, Radial Velocity, Stellar Motions, Stellar Rotation, T Tauri Stars, Abundance, Late Stars, Line Spectra, Star Formation, Stellar Mass},
     year = 1987,
    month = apr,
   volume = 93,
    pages = {907-912},
      doi = {10.1086/114376},
   adsurl = {http://cdsads.u-strasbg.fr/abs/1987AJ.....93..907H},
  adsnote = {Provided by the SAO/NASA Astrophysics Data System}
}

@ARTICLE{1986AJ.....91..575H,
   author = {{Herbig}, G.~H. and {Vrba}, F.~J. and {Rydgren}, A.~E.},
    title = "{A spectroscopic survey of the Taurus-Auriga dark clouds for pre-main-sequence stars having CA II H, K emission}",
  journal = {\aj},
 keywords = {Calcium, Emission Spectra, H Lines, K Lines, Pre-Main Sequence Stars, Stellar Spectra, T Tauri Stars, H Alpha Line, Radial Velocity, Stellar Luminosity, Stellar Spectrophotometry},
     year = 1986,
    month = mar,
   volume = 91,
    pages = {575-582},
      doi = {10.1086/114039},
   adsurl = {http://cdsads.u-strasbg.fr/abs/1986AJ.....91..575H},
  adsnote = {Provided by the SAO/NASA Astrophysics Data System}
}


@ARTICLE{1988AJ.....96..777D,
   author = {{Downes}, R.~A. and {Keyes}, C.~D.},
    title = "{Spectroscopic observations of H-alpha emission stars from the Stephenson and Stephenson-Sanduleak lists}",
  journal = {\aj},
 keywords = {Balmer Series, Cataclysmic Variables, H Alpha Line, Stellar Spectra, Symbiotic Stars, T Tauri Stars, Astronomical Spectroscopy, B Stars, Carbon Stars, M Stars, Nitric Oxide, Planetary Nebulae, Seyfert Galaxies},
     year = 1988,
    month = aug,
   volume = 96,
    pages = {777-790},
      doi = {10.1086/114846},
   adsurl = {http://cdsads.u-strasbg.fr/abs/1988AJ.....96..777D},
  adsnote = {Provided by the SAO/NASA Astrophysics Data System}
}

@ARTICLE{1989AJ.....98.1444S,
   author = {{Strom}, K.~M. and {Wilkin}, F.~P. and {Strom}, S.~E. and {Seaman}, R.~L.
  },
    title = "{Lithium abundances among solar-type pre-main-sequence stars}",
  journal = {\aj},
 keywords = {Abundance, Lithium, Metallicity, Pre-Main Sequence Stars, Spectral Line Width, Stellar Composition, Astronomical Catalogs, Data Sampling, H Alpha Line, Hertzsprung-Russell Diagram},
     year = 1989,
    month = oct,
   volume = 98,
    pages = {1444-1450},
      doi = {10.1086/115230},
   adsurl = {http://cdsads.u-strasbg.fr/abs/1989AJ.....98.1444S},
  adsnote = {Provided by the SAO/NASA Astrophysics Data System}
}

@ARTICLE{1993AJ....106.1608V,
   author = {{Vrba}, F.~J. and {Chugainov}, P.~F. and {Weaver}, W.~B. and
  {Stauffer}, J.~S.},
    title = "{Photometric and spectroscopic monitoring of AA Tau, DN Tau, UX Tau A, T Tau, RY Tau, LK CA 4, and LK CA 7}",
  journal = {\aj},
 keywords = {Emission Spectra, Stellar Color, Stellar Spectra, T Tauri Stars, Light Curve, Line Spectra, Stellar Spectrophotometry, Stellar Temperature},
     year = 1993,
    month = oct,
   volume = 106,
    pages = {1608-1626},
      doi = {10.1086/116751},
   adsurl = {http://cdsads.u-strasbg.fr/abs/1993AJ....106.1608V},
  adsnote = {Provided by the SAO/NASA Astrophysics Data System}
}

@ARTICLE{1994IBVS.4042....1G,
   author = {{Grankin}, K.~N.},
    title = "{On the Stability of Spotted Regions on Stellar Surfaces of Weak-Line T Tauri Stars}",
  journal = {Information Bulletin on Variable Stars},
     year = 1994,
    month = jun,
   volume = 4042,
   adsurl = {http://cdsads.u-strasbg.fr/abs/1994IBVS.4042....1G},
  adsnote = {Provided by the SAO/NASA Astrophysics Data System}
}


@ARTICLE{1993A&A...278..129L,
   author = {{Leinert}, C. and {Zinnecker}, H. and {Weitzel}, N. and {Christou}, J. and
  {Ridgway}, S.~T. and {Jameson}, R. and {Haas}, M. and {Lenzen}, R.
  },
    title = "{A systematic approach for young binaries in Taurus}",
  journal = {\aap},
 keywords = {Binary Stars, Pre-Main Sequence Stars, Sky Surveys (Astronomy), Taurus Constellation, Main Sequence Stars, Spatial Distribution, Star Formation, Stellar Evolution},
     year = 1993,
    month = oct,
   volume = 278,
    pages = {129-149},
   adsurl = {http://cdsads.u-strasbg.fr/abs/1993A%26A...278..129L},
  adsnote = {Provided by the SAO/NASA Astrophysics Data System}
}

@ARTICLE{1994ApJ...424..237S,
   author = {{Strom}, K.~M. and {Strom}, S.~E.},
    title = "{A multiwavelength study of star formation in the L1495E cloud in Taurus}",
  journal = {\apj},
   eprint = {astro-ph/9309037},
 keywords = {Interstellar Matter, Molecular Clouds, Pre-Main Sequence Stars, Star Formation, Stellar Envelopes, X Ray Astronomy, Accretion Disks, Hertzsprung-Russell Diagram, Stellar Spectrophotometry},
     year = 1994,
    month = mar,
   volume = 424,
    pages = {237-256},
      doi = {10.1086/173886},
   adsurl = {http://cdsads.u-strasbg.fr/abs/1994ApJ...424..237S},
  adsnote = {Provided by the SAO/NASA Astrophysics Data System}
}


@ARTICLE{1989AJ.....97.1451S,
   author = {{Strom}, K.~M. and {Strom}, S.~E. and {Edwards}, S. and {Cabrit}, S. and
  {Skrutskie}, M.~F.},
    title = "{Circumstellar material associated with solar-type pre-main-sequence stars - A possible constraint on the timescale for planet building}",
  journal = {\aj},
 keywords = {Pre-Main Sequence Stars, Stellar Envelopes, Stellar Spectrophotometry, T Tauri Stars, Frequency Distribution, H Alpha Line, Infrared Spectra, Spectral Energy Distribution, Star Formation},
     year = 1989,
    month = may,
   volume = 97,
    pages = {1451-1470},
      doi = {10.1086/115085},
   adsurl = {http://adsabs.harvard.edu/abs/1989AJ.....97.1451S},
  adsnote = {Provided by the SAO/NASA Astrophysics Data System}
}

@ARTICLE{1994A&A...282..503M,
   author = {{Martin}, E.~L. and {Rebolo}, R. and {Magazzu}, A. and {Pavlenko}, Y.~V.
  },
    title = "{Pre-main sequence lithium burning. 1: Weak T Tauri stars}",
  journal = {\aap},
   eprint = {astro-ph/9308047},
 keywords = {Abundance, H Alpha Line, Lithium, Statistical Distributions, Stellar Spectrophotometry, T Tauri Stars, Ultraviolet Photometry, Angular Momentum, Charge Coupled Devices, Hertzsprung-Russell Diagram, Stellar Evolution, Stellar Luminosity, Stellar Rotation, Telescopes},
     year = 1994,
    month = feb,
   volume = 282,
    pages = {503-517},
   adsurl = {http://cdsads.u-strasbg.fr/abs/1994A%26A...282..503M},
  adsnote = {Provided by the SAO/NASA Astrophysics Data System}
}

@ARTICLE{1995ApJS..101..117K,
   author = {{Kenyon}, S.~J. and {Hartmann}, L.},
    title = "{Pre-Main-Sequence Evolution in the Taurus-Auriga Molecular Cloud}",
  journal = {\apjs},
 keywords = {INFRARED: STARS, ISM: CLOUDS, STARS: EVOLUTION, STARS: LUMINOSITY FUNCTION, MASS FUNCTION, STARS: PRE-MAIN-SEQUENCE},
     year = 1995,
    month = nov,
   volume = 101,
    pages = {117},
      doi = {10.1086/192235},
   adsurl = {http://cdsads.u-strasbg.fr/abs/1995ApJS..101..117K},
  adsnote = {Provided by the SAO/NASA Astrophysics Data System}
}

@ARTICLE{1995ApJ...452..736H,
   author = {{Hartigan}, P. and {Edwards}, S. and {Ghandour}, L.},
    title = "{Disk Accretion and Mass Loss from Young Stars}",
  journal = {\apj},
 keywords = {ACCRETION, ACCRETION DISKS, STARS: CIRCUMSTELLAR MATTER, STARS: FORMATION, STARS: MASS LOSS, STARS: PRE-MAIN-SEQUENCE},
     year = 1995,
    month = oct,
   volume = 452,
    pages = {736},
      doi = {10.1086/176344},
   adsurl = {http://cdsads.u-strasbg.fr/abs/1995ApJ...452..736H},
  adsnote = {Provided by the SAO/NASA Astrophysics Data System}
}

@ARTICLE{2014MNRAS.444.3220D,
   author = {{Donati}, J.-F. and {H{\'e}brard}, E. and {Hussain}, G. and
  {Moutou}, C. and {Grankin}, K. and {Boisse}, I. and {Morin}, J. and
  {Gregory}, S.~G. and {Vidotto}, A.~A. and {Bouvier}, J. and
  {Alencar}, S.~H.~P. and {Delfosse}, X. and {Doyon}, R. and {Takami}, M. and
  {Jardine}, M.~M. and {Fares}, R. and {Cameron}, A.~C. and {M{\'e}nard}, F. and
  {Dougados}, C. and {Herczeg}, G. and {Matysse Collaboration}
  },
    title = "{Modelling the magnetic activity and filtering radial velocity curves of young Suns : the weak-line T Tauri star LkCa 4}",
  journal = {\mnras},
archivePrefix = "arXiv",
   eprint = {1408.3273},
 primaryClass = "astro-ph.SR",
 keywords = {techniques: polarimetric, stars: formation, stars: imaging, stars: individual: LkCa 4, stars: magnetic field, stars: rotation},
     year = 2014,
    month = nov,
   volume = 444,
    pages = {3220-3229},
      doi = {10.1093/mnras/stu1679},
   adsurl = {http://adsabs.harvard.edu/abs/2014MNRAS.444.3220D},
  adsnote = {Provided by the SAO/NASA Astrophysics Data System}
}


@ARTICLE{2015ApJ...812..128C,
   author = {{Czekala}, I. and {Andrews}, S.~M. and {Mandel}, K.~S. and {Hogg}, D.~W. and
  {Green}, G.~M.},
    title = "{Constructing a Flexible Likelihood Function for Spectroscopic Inference}",
  journal = {\apj},
archivePrefix = "arXiv",
   eprint = {1412.5177},
 primaryClass = "astro-ph.SR",
 keywords = {methods: data analysis, methods: statistical, stars: fundamental parameters, stars: late-type, stars: statistics, techniques: spectroscopic},
     year = 2015,
    month = oct,
   volume = 812,
      eid = {128},
    pages = {128},
      doi = {10.1088/0004-637X/812/2/128},
   adsurl = {http://adsabs.harvard.edu/abs/2015ApJ...812..128C},
  adsnote = {Provided by the SAO/NASA Astrophysics Data System}
}

@ARTICLE{2013A&A...553A...6H,
   author = {{Husser}, T.-O. and {Wende-von Berg}, S. and {Dreizler}, S. and
  {Homeier}, D. and {Reiners}, A. and {Barman}, T. and {Hauschildt}, P.~H.
  },
    title = "{A new extensive library of PHOENIX stellar atmospheres and synthetic spectra}",
  journal = {\aap},
archivePrefix = "arXiv",
   eprint = {1303.5632},
 primaryClass = "astro-ph.SR",
 keywords = {stars: atmospheres, convection, stars: late-type},
     year = 2013,
    month = may,
   volume = 553,
      eid = {A6},
    pages = {A6},
      doi = {10.1051/0004-6361/201219058},
   adsurl = {http://adsabs.harvard.edu/abs/2013A%26A...553A...6H},
  adsnote = {Provided by the SAO/NASA Astrophysics Data System}
}

@ARTICLE{2018ApJ...863..190B,
   author = {{Basri}, G. and {Nguyen}, H.~T.},
    title = "{Double Dipping: A New Relation between Stellar Rotation and Starspot Activity}",
  journal = {\apj},
archivePrefix = "arXiv",
   eprint = {1805.04587},
 primaryClass = "astro-ph.SR",
 keywords = {stars: activity, stars: late-type, stars: magnetic field, stars: rotation, stars: solar-type, starspots },
     year = 2018,
    month = aug,
   volume = 863,
      eid = {190},
    pages = {190},
      doi = {10.3847/1538-4357/aad3b6},
   adsurl = {http://adsabs.harvard.edu/abs/2018ApJ...863..190B},
  adsnote = {Provided by the SAO/NASA Astrophysics Data System}
}

@ARTICLE{2002ApJ...580L.171M,
       author = {{Mandel}, Kaisey and {Agol}, Eric},
        title = "{Analytic Light Curves for Planetary Transit Searches}",
      journal = {\apj},
     keywords = {Stars: Binaries: Eclipsing, Eclipses, Occultations, Stars: Planetary Systems, Astrophysics},
         year = "2002",
        month = "Dec",
       volume = {580},
        pages = {L171-L175},
          doi = {10.1086/345520},
archivePrefix = {arXiv},
       eprint = {astro-ph/0210099},
 primaryClass = {astro-ph},
       adsurl = {https://ui.adsabs.harvard.edu/\#abs/2002ApJ...580L.171M},
      adsnote = {Provided by the SAO/NASA Astrophysics Data System}
}

@ARTICLE{2016Natur.533..217R,
       author = {{Roettenbacher}, R.~M. and {Monnier}, J.~D. and {Korhonen}, H. and
         {Aarnio}, A.~N. and {Baron}, F. and {Che}, X. and {Harmon}, R.~O. and
         {K{\H{o}}v{\'a}ri}, Zs. and {Kraus}, S. and {Schaefer}, G.~H. and
         {Torres}, G. and {Zhao}, M. and {Ten Brummelaar}, T.~A. and
         {Sturmann}, J. and {Sturmann}, L.},
        title = "{No Sun-like dynamo on the active star {\ensuremath{\zeta}} Andromedae from starspot asymmetry}",
      journal = {\nat},
     keywords = {Astrophysics - Solar and Stellar Astrophysics},
         year = "2016",
        month = "May",
       volume = {533},
        pages = {217-220},
          doi = {10.1038/nature17444},
archivePrefix = {arXiv},
       eprint = {1709.10107},
 primaryClass = {astro-ph.SR},
       adsurl = {https://ui.adsabs.harvard.edu/\#abs/2016Natur.533..217R},
      adsnote = {Provided by the SAO/NASA Astrophysics Data System}
}


@ARTICLE{2018ApJ...853..122R,
       author = {{Rackham}, Benjamin V. and {Apai}, D{\'a}niel and {Giampapa}, Mark S.},
        title = "{The Transit Light Source Effect: False Spectral Features and Incorrect Densities for M-dwarf Transiting Planets}",
      journal = {\apj},
     keywords = {methods: numerical, planets and satellites: atmospheres, planets and satellites: fundamental parameters, stars: activity, starspots, techniques: spectroscopic, Astrophysics - Earth and Planetary Astrophysics},
         year = "2018",
        month = "Feb",
       volume = {853},
          eid = {122},
        pages = {122},
          doi = {10.3847/1538-4357/aaa08c},
archivePrefix = {arXiv},
       eprint = {1711.05691},
 primaryClass = {astro-ph.EP},
       adsurl = {https://ui.adsabs.harvard.edu/\#abs/2018ApJ...853..122R},
      adsnote = {Provided by the SAO/NASA Astrophysics Data System}
}

@ARTICLE{2016MNRAS.463.2494F,
       author = {{Fang}, Xiang-Song and {Zhao}, Gang and {Zhao}, Jing-Kun and
         {Chen}, Yu-Qin and {Bharat Kumar}, Yerra},
        title = "{Stellar activity with LAMOST - I. Spot configuration in Pleiades}",
      journal = {\mnras},
     keywords = {stars: activity, stars: late-type, stars: rotation, starspots, Astrophysics - Solar and Stellar Astrophysics},
         year = "2016",
        month = "Dec",
       volume = {463},
        pages = {2494-2512},
          doi = {10.1093/mnras/stw1923},
archivePrefix = {arXiv},
       eprint = {1608.05452},
 primaryClass = {astro-ph.SR},
       adsurl = {https://ui.adsabs.harvard.edu/\#abs/2016MNRAS.463.2494F},
      adsnote = {Provided by the SAO/NASA Astrophysics Data System}
}

@ARTICLE{2019AJ....157...11W,
       author = {{Wakeford}, H.~R. and {Lewis}, N.~K. and {Fowler}, J. and {Bruno}, G. and
         {Wilson}, T.~J. and {Moran}, S.~E. and {Valenti}, J. and
         {Batalha}, N.~E. and {Filippazzo}, J. and {Bourrier}, V. and
         {H{\"o}rst}, S.~M. and {Lederer}, S.~M. and {de Wit}, J.},
        title = "{Disentangling the Planet from the Star in Late-Type M Dwarfs: A Case Study of TRAPPIST-1g}",
      journal = {\aj},
     keywords = {planets and satellites: atmospheres, stars: activity, Astrophysics - Earth and Planetary Astrophysics},
         year = "2019",
        month = "Jan",
       volume = {157},
          eid = {11},
        pages = {11},
          doi = {10.3847/1538-3881/aaf04d},
archivePrefix = {arXiv},
       eprint = {1811.04877},
 primaryClass = {astro-ph.EP},
       adsurl = {https://ui.adsabs.harvard.edu/\#abs/2019AJ....157...11W},
      adsnote = {Provided by the SAO/NASA Astrophysics Data System}
}


@ARTICLE{2018ApJ...865..142B,
       author = {{Basri}, Gibor},
        title = "{Calibration of Differential Light Curves for Physical Analysis of Starspots}",
      journal = {\apj},
     keywords = {stars: activity, stars: magnetic field, starspots, Astrophysics - Solar and Stellar Astrophysics},
         year = "2018",
        month = "Oct",
       volume = {865},
          eid = {142},
        pages = {142},
          doi = {10.3847/1538-4357/aade45},
archivePrefix = {arXiv},
       eprint = {1809.00071},
 primaryClass = {astro-ph.SR},
       adsurl = {https://ui.adsabs.harvard.edu/\#abs/2018ApJ...865..142B},
      adsnote = {Provided by the SAO/NASA Astrophysics Data System}
}

@ARTICLE{2018AJ....156...91M,
       author = {{Morris}, Brett M. and {Agol}, Eric and {Hebb}, Leslie and
         {Hawley}, Suzanne L.},
        title = "{Robust Transiting Exoplanet Radii in the Presence of Starspots from Ingress and Egress Durations}",
      journal = {\aj},
     keywords = {eclipses, planets and satellites: fundamental parameters, stars: activity, stars: magnetic field, starspots, Astrophysics - Solar and Stellar Astrophysics, Astrophysics - Earth and Planetary Astrophysics},
         year = "2018",
        month = "Sep",
       volume = {156},
          eid = {91},
        pages = {91},
          doi = {10.3847/1538-3881/aad3b7},
archivePrefix = {arXiv},
       eprint = {1807.04886},
 primaryClass = {astro-ph.SR},
       adsurl = {https://ui.adsabs.harvard.edu/\#abs/2018AJ....156...91M},
      adsnote = {Provided by the SAO/NASA Astrophysics Data System}
}

@ARTICLE{2014ApJS..211...24M,
       author = {{McQuillan}, A. and {Mazeh}, T. and {Aigrain}, S.},
        title = "{Rotation Periods of 34,030 Kepler Main-sequence Stars: The Full Autocorrelation Sample}",
      journal = {The Astrophysical Journal Supplement Series},
     keywords = {catalogs, methods: data analysis, methods: observational, stars: activity, stars: low-mass, stars: rotation, techniques: photometric, Astrophysics - Solar and Stellar Astrophysics},
         year = "2014",
        month = "Apr",
       volume = {211},
          eid = {24},
        pages = {24},
          doi = {10.1088/0067-0049/211/2/24},
archivePrefix = {arXiv},
       eprint = {1402.5694},
 primaryClass = {astro-ph.SR},
       adsurl = {https://ui.adsabs.harvard.edu/\#abs/2014ApJS..211...24M},
      adsnote = {Provided by the SAO/NASA Astrophysics Data System}
}
